@article{alauddin2012,
  title={Positron emission tomography (PET) imaging with 18F-based radiotracers},
  author={Alauddin, Mian M},
  journal={American journal of nuclear medicine and molecular imaging},
  volume={2},
  number={1},
  pages={55},
  year={2012},
  publisher={e-Century Publishing Corporation}
}

@article{carranza2005,
	title={The diagnostic possibilities of positron emission tomography (PET): applications in oral and maxillofacial buccal oncology.},
	author={Carranza-Pelegrina, D and Lomena-Caballero, F and Soler-Peter, M and Berini-Ayt{\'e}s, L and Gay-Escoda, C},
	journal={Medicina oral, patologia oral y cirugia bucal},
	volume={10},
	number={4},
	pages={331--342},
	year={2005}
}

@inproceedings{salvat2006,
	title={PENELOPE-2008: A code system for Monte Carlo simulation of electron and photon transport},
	author={Salvat, Francesc and Fern{\'a}ndez-Varea, Jos{\'e} M and Sempau, Josep},
	booktitle={Workshop Proceedings},
	volume={4},
	number={6222},
	pages={7},
	year={2006}
}

@article{sanchez2006,
	title={Valor actual de la tomograf{\'\i}a por emisi{\'o}n de positrones durante el seguimiento del c{\'a}ncer de pr{\'o}stata},
	author={S{\'a}nchez-Salm{\'o}n, Aida and Ruibal, {\'A}lvaro},
	journal={Archivos Espa{\~n}oles de Urolog{\'\i}a (Ed. impresa)},
	volume={59},
	number={10},
	pages={1021--1029},
	year={2006},
	publisher={SciELO Espana}
}